<?xml version="1.0" encoding="UTF-8"?><collection xmlns="http://www.loc.gov/MARC21/slim"><record><leader>00344nam--2200121-i-4500</leader><controlfield tag="001">000022008</controlfield><controlfield tag="002">20161230</controlfield><controlfield tag="005">20161230201034</controlfield><controlfield tag="008">060222s1000------------r-----000-0-eng-d</controlfield><datafield ind1=" " ind2=" " tag="100"><subfield code="a">Jerve, K.G</subfield></datafield><datafield ind1=" " ind2=" " tag="245"><subfield code="a">Cum se calculeaza infasurarea statorului motorului asincron. traducere din l.rusa</subfield></datafield><datafield ind1=" " ind2=" " tag="260"><subfield code="a">Bucuresti, Ed.Tehnica, 1961, 61p</subfield></datafield><datafield ind1=" " ind2=" " tag="852"><subfield code="a">8071</subfield></datafield></record></collection>